<record><leader>00000cas a22000007a 4500</leader><controlfield tag="001">13034509</controlfield><controlfield tag="008">860117d1875189uwiuwr ne      0    0eng d</controlfield><datafield ind1=" " ind2=" " tag="010"><subfield code="a">sn 86086037 </subfield></datafield><datafield ind1=" " ind2=" " tag="040"><subfield code="a">NPV</subfield><subfield code="b">eng</subfield><subfield code="c">NPV</subfield><subfield code="d">OCLCQ</subfield></datafield><datafield ind1=" " ind2=" " tag="042"><subfield code="a">msc</subfield></datafield><datafield ind1=" " ind2=" " tag="045"><subfield code="a">w7w9</subfield></datafield><datafield ind1=" " ind2=" " tag="052"><subfield code="a">4123</subfield><subfield code="b">P5</subfield></datafield><datafield ind1="0" ind2="0" tag="245"><subfield code="a">Pierce County plaindealer.</subfield></datafield><datafield ind1="1" ind2="3" tag="246"><subfield code="a">Pierce Co. plaindealer</subfield></datafield><datafield ind1="1" ind2="3" tag="246"><subfield code="a">Pierce Co. plain dealer</subfield></datafield><datafield ind1="1" ind2="3" tag="246"><subfield code="a">Plain dealer</subfield></datafield><datafield ind1="1" ind2="3" tag="246"><subfield code="a">Plaindealer</subfield></datafield><datafield ind1=" " ind2=" " tag="260"><subfield code="a">Prescott, Wis. :</subfield><subfield code="b">E.C. Kibbe,</subfield><subfield code="c">1875-</subfield></datafield><datafield ind1=" " ind2=" " tag="300"><subfield code="a">v.</subfield></datafield><datafield ind1=" " ind2=" " tag="310"><subfield code="a">Weekly</subfield></datafield><datafield ind1="0" ind2=" " tag="362"><subfield code="a">Vol. 2, no. 13 (June 29, 1875)-</subfield></datafield><datafield ind1=" " ind2=" " tag="500"><subfield code="a">Publisher varies.</subfield></datafield><datafield ind1=" " ind2=" " tag="500"><subfield code="a">Editors: E.C. Kibbe, June 29, 1875-July 13, 1876; E.H. Ives, July 20, 1876-&lt;Jan. 6, 1893&gt;.</subfield></datafield><datafield ind1=" " ind2=" " tag="530"><subfield code="a">Available on microfilm from The State Historical Society of Wisconsin.</subfield></datafield><datafield ind1=" " ind2=" " tag="752"><subfield code="a">United States</subfield><subfield code="b">Wisconsin</subfield><subfield code="c">Pierce</subfield><subfield code="d">Prescott.</subfield></datafield><datafield ind1="0" ind2="0" tag="780"><subfield code="t">Prescott weekly clarion</subfield><subfield code="w">(DLC)sn 86086036</subfield></datafield><datafield ind1="0" ind2="0" tag="785"><subfield code="t">Prescott tribune</subfield><subfield code="w">(DLC)sn 86086038</subfield></datafield><datafield ind1="1" ind2=" " tag="029"><subfield code="a">AU@</subfield><subfield code="b">000025822583</subfield></datafield></record>